@book{ga-book,
  author = "Sivanandam, S. N. and Deepa, S. N.",
  title = "Introduction to Genetic Algorithms",
  publisher ="Springer-Verlag",
  address = "Berlin Heidelberg",
  year = "2008",
  isbn = "ISBN 978-3-540-73189-4"
}

@article{mar-io,
  author = "Baldominos A. and Saez Y. and Recio G. and Calle J",
  title = "Learning Levels of Mario AI Using Genetic Algorithms",
  journal = "Advances in Artificial Intelligence. CAEPIA 2015. Lecture Notes in Computer Science",
  volume = "9422",
  publisher = "Springer",
  address = "Cham",
  doi = "10.1007/978-3-319-24598-0\_24"
}

@conference{ga-transport,
  author = "C. Lin and J. Yu and J. Liu and C. Lee",
  title = "Genetic Algorithm for Shortest Driving Time in Intelligent Transportation Systems",
  year = "2008",
  booktitle = "International Conference on Multimedia and Ubiquitous Engineering 2008",
  pages = "402--406",
  doi = "10.1109/MUE.2008.16"
}

@inproceedings{ga-vrp,
  author = "Zhu, K. Q.",
  title = "A new genetic algorithm for VRPTW",
  booktitle = "Proceedings of the international conference on artificial intelligence",
  year = "2000"
}

@article{ga-tsp,
  author = "Ahmed, Z. H.",
  title = "Genetic algorithm for the traveling salesman problem using sequential constructive crossover operator",
  journal= "International Journal of Biometrics \& Bioinformatics (IJBB)",
  volume = "3.6",
  year = "2010",
  pages = "96",
}

@inproceedings{ga-scheduling,
  author = "Lim, C. and Eoksu S.",
  title = "Production planning in manufacturing/remanufacturing environment using genetic algorithm",
  booktitle = "Proceedings of the 7th annual conference on Genetic and evolutionary computation",
  year = "2005",
}

@article{ga-robocode,
  author = "Shichel Y. and Ziserman E. and Sipper M.",
  title = "Using Genetic Programming to Evolve Robocode Players",
  booktitle = "Genetic Programming. EuroGP 2005. Lecture Notes in Computer Science",
  volume = "3447",
  publisher = "Springer",
  address = "Berlin, Heidelberg",
  doi = "https://doi.org/10.1007/978-3-540-31989-4\_13",
}

@article{ga-portfolio,
  author = "S. Slimane and M. Benbouziane",
  title = "Portfolio Selection Using Genetic Algorithm",
  journal = "Journal of Applied Finance \& Banking",
  volume = "2",
  number ="4",
  year = "2012",
  pages = "143--154",
}

@article{ga-trading,
  author = "R.J. Kuo and C.H. Chen and Y.C. Hwang",
  title = "An intelligent stock trading decision support system through integration of genetic algorithm based fuzzy neural network and artificial neural network",
  journal = "Fuzzy Sets and Systems",
  volume = "118",
  number = "1",
  year = "2001",
  pages = "21-45",
  issn = "ISSN 0165-0114",
  doi = "10.1016/S0165-0114(98)00399-6",
}

@conference{ga-imgseg,
  author = "Pare, S. and Bhandari, A. K. and Kumar, A. and Singh, G. K. and Khare, S.",
  title = "Satellite image segmentation based on different objective functions using genetic algorithm: a comparative study",
  booktitle = "2015 IEEE international conference on digital signal processing (DSP)",
  pages = "730--734",
  publisher = "IEEE",
}

@book{image-proc,
  author = "Jayaraman, S. and S. Esakkirajan and and T. Veerakumar",
  title = "Digital image processing",
  publisher = "Mc Graw Hill",
  address = "India",
  year = "2009",
  isbn = "ISBN 978-0070144798",
}

@conference{ga-imgenh,
  author = "Deborah, H. and Arymurthy, A. M.",
  title = "Image enhancement and image restoration for old document image using genetic algorithm",
  booktitle = "2010 Second International Conference on Advances in Computing, Control, and Telecommunication Technologies",
  pages = "108--112",
  publisher = "IEEE",
}

@incollection{hecht1992,
  title={Theory of the backpropagation neural network},
  author={Hecht-Nielsen, Robert},
  booktitle={Neural networks for perception},
  pages={65--93},
  year={1992},
  publisher={Elsevier}
}

@article{galvan2021,
  title={Neuroevolution in deep neural networks: Current trends and future challenges},
  author={Galv{\'a}n, Edgar and Mooney, Peter},
  journal={IEEE Transactions on Artificial Intelligence},
  volume={2},
  number={6},
  pages={476--493},
  year={2021},
  publisher={IEEE}
}

@article{such2017,
  title={Deep neuroevolution: Genetic algorithms are a competitive alternative for training deep neural networks for reinforcement learning},
  author={Such, Felipe Petroski and Madhavan, Vashisht and Conti, Edoardo and Lehman, Joel and Stanley, Kenneth O and Clune, Jeff},
  journal={arXiv preprint arXiv:1712.06567},
  year={2017}
}

@article{bhoskar2015,
  title={Genetic algorithm and its applications to mechanical engineering: A review},
  author={Bhoskar, Ms Trupti and Kulkarni, Mr Omkar K and Kulkarni, Mr Ninad K and Patekar, Ms Sujata L and Kakandikar, GM and Nandedkar, VM},
  journal={Materials Today: Proceedings},
  volume={2},
  number={4-5},
  pages={2624--2630},
  year={2015},
  publisher={Elsevier}
}

@article{buckley1994,
  title={Fuzzy genetic algorithm and applications},
  author={Buckley, James J and Hayashi, Yoichi},
  journal={Fuzzy sets and systems},
  volume={61},
  number={2},
  pages={129--136},
  year={1994},
  publisher={Elsevier}
}

@article{dawid1998,
  title={On economic applications of the genetic algorithm: a model of the cobweb type},
  author={Dawid, Herbert and Kopel, Michael},
  journal={Journal of Evolutionary Economics},
  volume={8},
  number={3},
  pages={297--315},
  year={1998},
  publisher={Springer}
}

@article{verma2012,
  title={Role and applications of genetic algorithm in data mining},
  author={Verma, Gunjan and Verma, Vineeta},
  journal={International journal of computer applications},
  volume={48},
  number={17},
  pages={5--8},
  year={2012},
  publisher={Citeseer}
}

@inproceedings{barman2017,
  title={State of the art review of speech recognition using genetic algorithm},
  author={Barman, Trishna and Deb, Nabamita},
  booktitle={2017 IEEE International Conference on Power, Control, Signals and Instrumentation Engineering (ICPCSI)},
  pages={2944--2946},
  year={2017},
  organization={IEEE}
}

@article{gonccalves2005,
  title={A hybrid genetic algorithm for the job shop scheduling problem},
  author={Gon{\c{c}}alves, Jos{\'e} Fernando and de Magalh{\~a}es Mendes, Jorge Jos{\'e} and Resende, Mauricio GC},
  journal={European journal of operational research},
  volume={167},
  number={1},
  pages={77--95},
  year={2005},
  publisher={Elsevier}
}

@inproceedings{vakulya2021,
  author = "G. Vakulya",
  title = "Evaluation of a genetic algorithm based image approximation method",
  booktitle = "AIS 2021-16th International Symposium on Applied Informatics and Related Areas - Proceedings",
  year = "2021",
  pages = "12--15",
}

@inproceedings{gyorok2014,
  author={Gy{\"o}r{\"o}k, Gy{\"o}rgy and Besz{\'e}des, Bertalan},
  title={Artificial Education Process Environment for Embedded Systems},
  booktitle={9th International Symposium on Applied Informatics and Related Areas - AIS2014},
  year={2014},
  pages={37--42},
}

@inproceedings{safar2019,
  author={S{\'a}f{\'a}r, Attila and Besz{\'e}des, Bertalan},
  title={Educational Aspects of a Modular Power Management System},
  booktitle={AIS 2019 : 14th International Symposium on Applied Informatics and Related Areas organized in the frame of Hungarian Science Festival 2019 by Ã“buda University},
  year={2019},
  pages={163--166},
}

@inproceedings{beszedes2023,
  author={Besz{\'e}des, Bertalan},
  title={Artificial Education Process Environment for Electro-Pneumatic System},
  booktitle={2023 IEEE 6th International Conference and Workshop {\'O}buda on Electrical and Power Engineering (CANDO-EPE)},
  pages={175--180},
  year={2023},
  organization={IEEE}
}

@article{rahman2020,
  title={The importance of cybersecurity education in school},
  author={Rahman, Nurul Amirah Abdul and Sairi, Izzah Hanis and Zizi, Nurul Akma M and Khalid, Fariza},
  journal={International Journal of Information and Education Technology},
  volume={10},
  number={5},
  pages={378--382},
  year={2020}
}

@article{schneider2013,
  title={Cybersecurity education in universities},
  author={Schneider, Fred B},
  journal={IEEE Security \& Privacy},
  volume={11},
  number={4},
  pages={3--4},
  year={2013},
  publisher={IEEE}
}


@article{lhee2003,
  title={Buffer overflow and format string overflow vulnerabilities},
  author={Lhee, Kyung-Suk and Chapin, Steve J},
  journal={Software: practice and experience},
  volume={33},
  number={5},
  pages={423--460},
  year={2003},
  publisher={Wiley Online Library}
}

@inproceedings{morkel2005,
  title={An overview of image steganography.},
  author={Morkel, Tayana and Eloff, Jan HP and Olivier, Martin S},
  booktitle={ISSA},
  volume={1},
  number={2},
  pages={1--11},
  year={2005}
}

@article{luciano1987,
  title={Cryptology: From Caesar ciphers to public-key cryptosystems},
  author={Luciano, Dennis and Prichett, Gordon},
  journal={The College Mathematics Journal},
  volume={18},
  number={1},
  pages={2--17},
  year={1987},
  publisher={Taylor \& Francis}
}

@article{ndatinya2015,
  title={Network forensics analysis using Wireshark},
  author={Ndatinya, Vivens and Xiao, Zhifeng and Manepalli, Vasudeva Rao and Meng, Ke and Xiao, Yang},
  journal={International Journal of Security and Networks},
  volume={10},
  number={2},
  pages={91--106},
  year={2015},
  publisher={Inderscience Publishers (IEL)}
}

@article{stallman1988,
  title={Debugging with GDB},
  author={Stallman, Richard and Pesch, Roland and Shebs, Stan and others},
  journal={Free Software Foundation},
  volume={675},
  year={1988}
}

@book{eagle2020,
  title={The Ghidra Book: The Definitive Guide},
  author={Eagle, Chris and Nance, Kara},
  year={2020},
  publisher={no starch press}
}

@article{butun2019,
  title={Security of the Internet of Things: Vulnerabilities, attacks, and countermeasures},
  author={Butun, Ismail and {\"O}sterberg, Patrik and Song, Houbing},
  journal={IEEE Communications Surveys \& Tutorials},
  volume={22},
  number={1},
  pages={616--644},
  year={2019},
  publisher={IEEE}
}

